<?xml version="1.0" encoding="UTF-8"?><collection xmlns="http://www.loc.gov/MARC21/slim"><record><leader>00332nam--2200121-i-4500</leader><controlfield tag="001">000004659</controlfield><controlfield tag="002">20161230</controlfield><controlfield tag="005">20161230201026</controlfield><controlfield tag="008">060222s1000------------r-----000-0-eng-d</controlfield><datafield ind1=" " ind2=" " tag="100"><subfield code="a">Bockasten, Kjell</subfield></datafield><datafield ind1=" " ind2=" " tag="245"><subfield code="a">A study of ciii by means of a sliding vacuum spark</subfield></datafield><datafield ind1=" " ind2=" " tag="260"><subfield code="a">Upsala, Almqvist &amp; Wiksells Bokr., 1955. 28 P</subfield></datafield><datafield ind1=" " ind2=" " tag="852"><subfield code="a">6231</subfield></datafield></record></collection>